1597 2948
11 25 626 122 narniidtmos.rcuii.100unnnnmiisiiie.
653 68 703 126 275
782 116 783 120 ,

66 155 101 204 IV.
114 152 180 202 Facile
191 151 272 212 probari
279 151 482 213 potest„Trajanum
495 168 521 199 ex
532 150 645 201 Occidente
655 168 702 206 ante
776 141 779 156 ,

13 227 90 263 annum
105 226 148 258 112.
163 211 237 279 pedem
251 225 295 256 non
314 209 383 256 tulisse.
415 211 468 271 Nam
484 209 602 271 sepeliverat
617 213 699 273 sinam,
715 250 724 268 η,

14 282 122 329 antequam
132 268 213 327 rehquit
222 268 359 320 domamur
368 269 430 315 tradit
436 268 482 315 Dio.
511 269 561 316 Sura
571 280 638 315 autem
648 272 702 318 Con,

13 330 45 376 sul
53 329 94 374 suit
104 329 126 374 h.
132 337 178 383 ⁴107.
193 328 212 373 dt
223 325 295 372 subeo
306 321 369 370 cot.
383 326 448 372 satius
459 326 487 371 est
495 325 610 372 Hadrianus
620 326 701 379 Praetor,

14 386 128 434 Hadrianus
138 385 179 440 jam
191 383 263 428 Praetor
277 381 451 436 cisterninam
463 381 588 441 est'Legatus
599 384 645 443 Leg.
661 385 701 432 hli-

14 444 99 499 nerviae,
121 439 270 500 &approbatus
280 437 391 494 {ivTrajano
403 475 409 496 ,
429 440 483 487 bello
495 439 536 496 hoc
548 441 623 489 Dacico
632 443 704 490 secun.

15 505 55 557 do,
72 502 137 546 fastus
151 499 179 543 est
189 498 263 544 Consul
275 502 299 543 n.
316 512 359 552 109.
374 497 468 543 suffetius
478 498 560 543 scilicet.
587 501 611 545 ln
626 500 704 547 Consu.
732 534 737 538 ,.

8 559 58 604 ‘latu
67 557 166 615 comperit
176 553 188 599 d
199 556 259 607 Sura,
274 554 414 611 adoptandum
422 556 441 597 se
451 554 462 598 h
472 555 561 609 Trajano
574 557 619 602 esse.
635 558 701 616 Spart.

17 630 64 673 ergo
77 614 125 659 Sura
137 610 204 658 adhuc
212 611 234 656 in
247 611 309 665 vivis,
325 624 378 654 anno
389 626 431 665 top.
445 612 486 667 J'am
498 608 577 671 alsetto.
644 643 645 646 ,
684 653 687 660 ,

69 672 94 717 V.
110 670 208 725 Traianus
229 670 252 712 in
266 668 374 711 occidente
395 668 454 722 suit,
476 667 593 724 &quidem
610 670 705 718 initalia
729 690 731 693 ⁴

16 738 66 776 tunc
78 742 140 787 quum
152 722 227 778 Plinius
239 732 281 770 erat
292 722 403 781 Proconsul
410 723 509 782 Bithyniae
516 739 524 770 :¹
536 739 562 771 ex
575 725 658 774 Oriente
668 745 704 775 au-

17 796 60 832 tem
73 787 95 830 in
104 783 185 842 ltaliam
197 795 301 837 nunquam
317 781 405 826 reversus
420 783 453 829 est.
482 782 509 827 ht
520 781 595 828 Plinius
604 800 647 829 non
657 802 705 846 pro.
736 818 739 822 .

18 844 84 889 festus
97 842 125 887 est
136 840 159 884 in
172 837 288 896 Bithyniam
299 846 347 883 aiite
361 851 438 898 annum
453 854 496 895 109.
594 866 596 868 >
652 847 673 887 t
778 892 780 896 ¹

28 932 29 936 ,
72 899 136 944 Varia
152 896 198 942 sunt
215 896 310 941 Virorum
325 895 432 943 doctorum
452 896 477 942 de
491 896 635 954 proconsulatu
646 900 706 947 Plinii

20 957 141 1009 sententia,
155 955 204 999 dum
215 951 317 1011 explicant
330 950 437 998 Eusebium
449 953 471 997 in
487 953 595 1007 Chronico.

72 1012 138 1058 Prima
149 1010 177 1054 est
188 1009 284 1057 Bmooii,
299 1007 334 1066 qui
348 1009 408 1054 tradit
422 1008 508 1055 Plinium
522 1043 530 1066 ,
543 1011 615 1067 quinto
626 1011 707 1069 Trajani

21 1084 75 1118 anno
90 1067 169 1114 missum
179 1068 202 1112 iii
212 1064 339 1123 Bithyniam,
354 1066 467 1124 eodemque
477 1076 570 1126 tempore
582 1069 677 1128 scripsisse-
684 1071 709 1123 li.

21 1137 73 1173 teras
88 1124 238 1226 adstTrajanum
253 1124 279 1168 de
297 1121 427 1169 Christianis:
442 1124 477 1169 sed
489 1139 536 1169 enm
547 1126 632 1184 opinor,
646 1142 708 1174 nemo
740 1169 741 1172 ,
757 1138 759 1140 ’

20 1185 144 1230 secutura.
256 1189 259 1193 “
368 1200 369 1203 ’
598 1211 599 1214 =
768 1216 774 1222 ..

76 1238 170 1284 Secundo
182 1237 209 1282 est
224 1236 323 1280 sententia
333 1233 443 1290 Halloinii,
456 1235 536 1281 missum
547 1238 632 1295 quinto,
646 1239 710 1285 venis-
744 1283 748 1293 Ι
776 1252 778 1255 ’

22 1296 42 1342 se
53 1296 75 1342 in
83 1291 209 1354 provinciam
218 1291 273 1338 sexto
285 1287 429 1349 Traiani,ubi
439 1308 476 1352 per
502 1294 629 1341 luresannoe
642 1298 710 1343 officio
757 1294 759 1296 ’
783 1318 785 1321 ·

7 1391 9 1395 ,
24 1356 117 1398 {bustum
129 1352 179 1405 esse,
197 1351 322 1396 ‘ac-'demum
337 1350 404 1395 literas
414 1350 478 1409 scripsi
495 1352 545 1397 ead
560 1352 712 1410 Trajanumde
731 1374 732 1384 ³
748 1377 752 1379 -
779 1372 781 1374 ·

24 1409 140 1458 christianis
149 1422 203 1455 anno
213 1407 292 1465 imperii
300 1408 344 1463 ejus
359 1422 397 1463 10,
413 1416 436 1452 ut
447 1418 498 1464 puto
515 1423 546 1455 11.
699 1447 701 1452 ,

77 1467 146 1521 Tertia
161 1465 244 1519 Usserii,
260 1464 294 1521 qui
309 1463 405 1523 Halloixii
418 1473 536 1521 argumenta
549 1465 637 1524 probat,
652 1467 713 1515 &ad

26 1539 103 1572 annum
111 1523 193 1580 Trajani
203 1521 305 1567 decimum
313 1521 380 1566 literas
394 1522 461 1567 refert.
515 1533 518 1550 ³
701 1571 703 1573 ¹

80 1582 121 1627 sed
135 1595 161 1625 eir
171 1578 202 1624 his
217 1592 277 1622 nemo
290 1579 398 1634 quicquam
410 1579 460 1623 certi
472 1578 536 1624 affert.
563 1579 660 1626 Batonius
673 1583 715 1639 pii-

25 1651 83 1683 mum
101 1650 126 1681 eir
144 1635 246 1699 ppiiicipiis
260 1634 365 1678 manifesto
377 1634 428 1678 falsis
442 1634 558 1693 'statuebat,
579 1650 626 1682 euin
641 1637 713 1696 quinto

27 1694 109 1751 Trajani
125 1708 150 1738 an
166 1707 178 1735 o
195 1689 280 1736 missum.
315 1688 429 1737 Halloixius
444 1692 539 1738 concedit
550 1692 648 1749 Boionio,
662 1704 714 1750 tunc

28 1766 75 1798 eum
88 1749 159 1804 milsui¹
175 1747 243 1802 soille,
262 1746 541 1799 nullamvero'concelsionis
554 1749 654 1798 rationem
669 1754 716 1799 ied-
792 1774 794 1777 ⁴

28 1810 64 1855 dir.
93 1806 178 1853 Ulleri'us
193 1806 267 1864 probat
288 1803 385 1870 Halloiiiii
404 1805 471 1864 plures
492 1821 562 1851 annos.
591 1808 633 1865 Bgo
647 1824 716 1867 neque

29 1873 101 1923 quarto
118 1877 184 1921 neque
201 1864 272 1919 quinto
285 1862 367 1917 Trajani
385 1877 439 1907 anno
455 1863 538 1909 missum
552 1864 609 1909 fuisse
629 1865 717 1912 Plinium

30 1924 52 1969 in
65 1921 180 1979 Bithyniam
189 1919 272 1972 censeo,
286 1918 321 1963 sed
330 1918 413 1963 demum
425 1919 542 1978 undecimo.

83 1979 132 2024 Non
143 1985 225 2036 quarto,
239 1976 285 2034 quia
299 1984 348 2019 tunc
363 1985 406 2021 erat
414 1974 512 2032 Traianus
523 1978 545 2021 iri
556 1976 631 2033 Dacia,
651 1992 718 2036 neque
749 1992 751 1996 ’

31 2036 71 2083 ulla
86 2051 111 2082 ex
123 2035 216 2091 Bithynia
229 2031 311 2091 epistola
318 2031 394 2098 'scripta
406 2033 433 2078 est
441 2034 467 2080 ad
478 2033 588 2090 Trajanum
604 2036 626 2079 in
635 2036 703 2082 Dacia,

34 2150 38 2160 ι
55 2150 69 2196 d
84 2094 135 2138 Non
151 2093 240 2151 quinto,
263 2100 313 2135 tunc
327 2102 382 2134 enim
403 2101 445 2135 erat
461 2090 603 2136 Centumcellis
620 2092 643 2153 in
661 2092 721 2139 ltalia

40 2165 53 2195 u
69 2165 100 2197 ex.

31 2164 38 2206 J
85 2208 135 2252 Non
144 2206 213 2260 sexto,
236 2214 286 2251 tunc
302 2203 357 2248 enim
368 2202 467 2260 Trajanus
481 2205 503 2249 in
517 2204 580 2252 Dacia
592 2207 670 2265 rursus,
686 2206 722 2253 ubi
758 2246 760 2250 ,

33 2264 141 2322 permansit
159 2278 195 2322 per
210 2262 378 2319 quadriennium:
402 2275 468 2318 neque
484 2263 545 2308 rediit
558 2263 660 2320 Romam,
674 2274 721 2309 ante

28 2336 110 2366 annum
117 2321 199 2379 >imperii
210 2319 346 2365 undecimum·
372 2316 432 2362 Tunc
444 2327 512 2363 autem
519 2320 587 2365 adhuc
596 2332 638 2366 erat
649 2323 669 2365 in
683 2322 722 2366 lta'-
750 2356 751 2359 ,

34 2375 61 2424 lia
71 2377 160 2424 Plinius:
175 2392 222 2423 nam
236 2376 265 2423 ibi
277 2374 351 2434 scripsit
364 2373 466 2432 epistolam
480 2377 506 2422 ad
521 2376 629 2424 Cerrinium
639 2378 723 2425 deseri:

35 2434 104 2480 hendo
118 2435 214 2482 Poemate
225 2436 251 2481 de
260 2439 346 2490 utroque
359 2431 415 2479 bello
427 2431 511 2479 Dacico.

72 2533 73 2536 ,
89 2492 141 2537 Dico
152 2493 213 2550 igitur
226 2506 273 2537 eum
283 2490 392 2538 missumin
403 2488 518 2544 Bithyniam
526 2489 563 2537 sub
580 2493 666 2540 estatem
675 2492 724 2538 anni

37 2551 156 2605 undecimi,
169 2550 239 2606 ibique
250 2549 375 2607 permansisse
387 2557 423 2606 per
434 2549 552 2598 biennium,
565 2551 627 2608 usque
639 2551 664 2596 ad
672 2551 725 2595 aesta-

37 2611 86 2655 tem}
100 2608 148 2651 anni
164 2607 239 2653 decimi
253 2607 314 2655 tertii.
349 2606 374 2652 Ιη
389 2619 445 2651 more
463 2608 519 2651 enim
533 2607 622 2666 positum
634 2608 687 2658 suit,
701 2613 726 2652 ut

398 2663 438 2710 Sa
573 2732 575 2737 y
632 2664 698 2721 magt.
