1597 2948
236 65 538 139 deauratio*

22 180 90 237 xime
103 181 234 252 attingunt.
271 178 346 237 Unde
355 176 452 239 veroid
462 174 573 234 constat?
591 174 695 250 impiam
716 178 724 209 ³

22 255 91 313 illam
102 257 250 325 seditionem
266 255 423 315 occasionem
439 255 499 312 huic
515 253 623 328 epistulae
653 253 697 309 de·
732 302 734 304 .

24 332 104 398 disse,
124 334 173 409 ipse
186 337 212 390 in
224 336 295 392 initio
317 333 425 408 epistoiae
439 332 533 389 indicat
550 351 559 400 3
589 330 696 387 noluisse

23 420 108 467 autem
120 409 340 470 CLEMENTEM
349 413 387 468 uti
401 410 448 466 hac
459 407 589 466 occasione
612 407 643 464 ad
657 427 697 463 re·
749 441 752 446 ‹

23 488 90 563 liquat
104 489 190 545 vitiosa
206 492 232 545 in
242 487 341 545 ecclesia
356 487 515 544 Corinthiaca
529 476 695 549 emendanda,
783 543 787 556 ,

24 567 78 637 quis
89 564 173 621 dicct?
191 564 406 638 quemadmodum
423 562 447 618 S.
463 560 597 620 PAVLVS
606 560 696 616 fimiles

25 641 92 712 apud
109 641 255 697 Corinthios
268 651 365 696 exortas
380 641 444 693 rixas
458 637 654 713 compositurus,
671 639 696 693 dc

25 715 119 789 reliqua
134 716 181 772 iilis
198 716 342 779 necessaria,
361 714 534 788 sigillatimque
547 714 598 770 hoc
613 713 696 787 ipsum

19 791 120 865 ‘dogma
136 791 316 849 resurreeiionis
326 792 443 848 inculcat.
479 789 647 869 tRENnEVS
660 791 698 847 sa-

26 888 59 925 ne
71 869 126 938 (d),
146 886 205 924 cunr
217 869 282 924 hanc
296 869 373 943 ipsam
387 864 455 927 eden
465 868 623 925 occasionem
636 867 697 924 huic
712 913 714 916 ,

27 945 135 1018 epistolae
147 945 240 1002 dedisse
262 944 416 1010 affirmasset,
428 1015 430 1017 q
442 946 516 1002 huius
539 943 697 1019 propositum

25 1040 80 1078 non
90 1032 188 1079 tantum
203 1022 274 1078 fuisse
285 1022 396 1086 indicat,
417 1026 444 1084 εἰς
460 1019 533 1094 tipho
550 1021 699 1096 συμζιζιέζειν

27 1096 190 1163 Corinthios,
210 1098 252 1155 sed
267 1100 330 1155 &ut
341 1097 401 1154 esset
415 1096 470 1154 haec
481 1098 583 1173 epihoh
608 1096 700 1168 οἰνανεὲ-1

27 1197 62 1231 ea
76 1173 111 1238 oh
132 1180 195 1237 mm
214 1174 302 1240 odedu,
322 1173 442 1250 quorsum
458 1174 500 1231 uei
514 1176 624 1231 manime
642 1171 700 1233 facit

27 1251 88 1309 fides
103 1253 134 1310 de
146 1253 330 1316 resurreiiione,
367 1252 400 1308 ht
412 1250 539 1319 κακόζηλος
547 1252 594 1308 fuit
602 1251 644 1317 hic
656 1251 701 1308 fal-

26 1326 114 1392 sariuS,
133 1340 222 1405 putans
234 1325 384 1384 imitandum
396 1327 440 1383 fibi
453 1328 502 1383 esse
516 1326 663 1385 PAVLVM
673 1326 701 1383 in

28 1406 131 1477 epistola
145 1406 176 1463 ad
195 1406 297 1463 eosdem
315 1405 376 1461 data.
414 1402 514 1473 Qiidni
530 1406 622 1468 faceret
643 1447 651 1469 ,
682 1404 702 1460 fi

28 1480 111 1537 adhuc
130 1482 222 1538 semina
246 1481 422 1538 incredulitatis
445 1484 476 1537 in
488 1482 532 1537 iilo
555 1481 659 1538 articulo
674 1483 702 1537 in

29 1557 129 1618 ecclesia
146 1556 306 1630 Corinthiaco
316 1553 503 1631 deprehendit?
528 1556 630 1624 fistuita
647 1568 703 1615 tan-

28 1644 85 1689 tum
98 1636 236 1691 imitatione
250 1636 388 1708 exprimere
396 1633 647 1700 voluntantum,
658 1633 701 1691 etfi

27 1707 83 1767 satis
98 1712 242 1776 constaret,
263 1712 346 1768 nullos
362 1712 468 1786 amphus
486 1712 580 1768 ibidem
598 1712 650 1769 hoc
664 1725 710 1768 er-'

29 1804 86 1842 rore
98 1788 202 1846 infecios
219 1789 282 1853 esse,
316 1806 391 1862 quare
407 1806 462 1845 non
480 1790 505 1845 dc
527 1789 621 1863 reliqua
634 1790 701 1858 ,vitia

30 1863 223 1946 Corinthiopum
236 1869 262 1922 in
273 1865 359 1922 habitu
372 1866 522 1930 mulierum,
547 1868 573 1922 in
587 1863 700 1922 abufibus

28 1940 100 1998 iactae
114 1959 194 1999 coenae
212 1944 238 1998 dc
253 1940 457 2014 prophetiarum,
474 1943 502 1995 in
511 1959 565 2014 quoe
576 1951 628 1997 tam
639 1943 701 1997 acti·
775 2014 777 2016 Ι

29 2027 67 2074 ter
83 2016 208 2081 invehitur
223 2016 369 2090 Apostolus,
384 2018 483 2091 attingit
497 2017 538 2072 hic
556 2016 700 2086 nundinare?

29 2094 113 2150 nescio
127 2112 206 2157 vero,
227 2111 278 2168 quo
294 2092 373 2149 modo
389 2104 442 2150 tam
455 2095 552 2150 ,acerbe
564 2093 702 2168 ,reprehen-

30 2169 88 2228 dere
99 2170 207 2228 voiuerit
221 2173 259 2227 uir
273 2170 438 2236 reverendus,
465 2185 519 2245 quae
537 2190 588 2246 cap.
612 2188 654 2241 40.
676 2174 703 2229 dc

30 2245 79 2320 seq.
98 2258 234 2304 occurrunt
243 2266 254 2320 3,
271 2246 339 2321 quafi
357 2265 413 2320 quae
424 2248 487 2303 nulli
496 2250 522 2302 in
535 2259 648 2305 mentem
658 2267 702 2305 ue-

30 2323 84 2379 nire
101 2325 254 2398 potuerint,
282 2322 327 2379 nih
342 2323 442 2388 homini
462 2325 512 2389 rei,
532 2343 607 2399 quam
633 2327 701 2399 agit,

31 2400 131 2478 prorius
144 2403 295 2458 immemori.
331 2401 399 2458 Mihi
412 2401 597 2475 haecaptisfime
613 2399 701 2477 &sop-
732 2420 734 2426 ·

31 2471 206 2550 poitunisfime
224 2478 286 2541 dida
300 2478 422 2535 uidentur.
461 2477 532 2548 Quid
546 2479 628 2554 quaeso
648 2498 701 2536 ma-

24 2554 69 2625 'gis
80 2552 199 2611 idoneum
215 2556 296 2612 afferri
306 2558 389 2630 potuit
404 2555 434 2612 ad
445 2557 534 2631 impias
550 2555 700 2615 illasCorin-

17 2629 142 2698 ‘thiorum
155 2635 350 2699 contentiones,
369 2644 434 2692 ortas
449 2645 480 2691 ex
490 2632 700 2766 perturbatipiffi‘

177 2731 179 2734 ·
610 2728 636 2766 m
657 2728 698 2768 τοι

88 2782 121 2834 'th
128 2784 170 2831 Lib.
187 2783 220 2833 nt.
235 2789 279 2843 cap.
294 2800 310 2840 ς.
