1597 2948
269 31 549 84 PRAEFATIO.

80 123 209 203 praecipit,
229 124 339 198 peccasse
353 126 432 183 videri
444 132 498 182 non
508 124 753 199 possum‚curnnon

82 203 215 278 indulgens
231 202 378 259 oonieiiuris
406 203 474 259 haud
495 204 566 260 valde
591 202 751 266 necessariis,
791 239 793 242 >

52 277 54 282 ’
84 279 190 353 limplici
208 280 293 335 animo
312 278 397 354 sequar
416 280 538 355 unicum,
564 283 607 356 qui
627 280 751 353 superest,

85 357 200 412 codicem
222 355 424 430 ritanuscriptuni.
462 356 552 413 Statuit
579 354 754 413 eruditissimus

30 458 32 460 ·
84 432 181 495 libbas,
197 432 325 504 epistolam
343 432 531 497 hanea'irelcio
551 451 602 507 quo
620 431 756 506 impostore

85 508 165 565 ubivis
175 549 188 572 ,Ἴ
202 507 310 580 allegatis
319 509 393 573 loric,
413 507 519 567 ornandi
533 509 615 565 caussa
627 512 689 563 mire
704 526 756 562 anr-

86 583 220 660 plilicatam
243 584 407 643 &dilatatam
427 585 504 643 fuisse.
542 585 567 643 Si
588 604 680 643 rocem
697 583 757 640 hinc

86 662 146 718 inde
160 661 285 733 quandam
304 667 439 719 autetiam
464 666 529 738 plera
551 665 674 735 integram
687 661 733 717 ads
746 686 758 706 ⁴-

12 739 13 743 ’
87 746 139 791 tani
155 736 263 800 diceret,
283 756 387 794 manunt
401 756 455 793 non
471 740 608 794 verterim:
624 754 683 793 curn
694 738 757 791 eius-

88 812 166 867 modi.
178 814 324 870 variationes
345 816 372 870 in
389 813 462 873 MSS.
475 813 564 887 passim
578 830 758 877 occurrerene-

88 905 133 944 mo
148 887 255 961 ignoret.
287 889 371 947 >Nunc
386 909 446 947 vero
464 908 509 964 per
521 891 590 947 istam
602 887 672 945 crisin
687 907 759 963 quar-

88 973 113 1020 ta
125 965 258 1037 imperto,
278 963 296 1022 fi
313 984 367 1022 non
374 967 491 1040 amphus,
510 966 680 1022 muldatur&
702 982 757 1028 rnu-

89 1041 172 1097 tilatur
185 1040 266 1108 haece
285 1043 376 1108 istola,
394 1058 445 1120 ‘qua
458 1043 488 1099 de
506 1042 586 1099 caussa
603 1042 612 1098 i
641 1043 760 1097 nimirum

90 1115 190 1191 periodi
200 1137 254 1174 non
266 1060 320 1174 iistis
337 1119 484 1177 cohaerent:
505 1139 518 1175 a
534 1118 662 1193 proposito
684 1116 760 1175 CLE-

91 1191 224 1257 MENTIS
233 1236 240 1258 ,
250 1193 398 1253 dehortandi
413 1195 558 1253 Corinthios
568 1215 581 1251 a
593 1196 762 1252 contentioni-

91 1270 139 1326 bus
163 1270 188 1325 &
206 1273 284 1334 rixis,
318 1275 387 1327 &ex
406 1271 506 1328 aduerso
528 1273 559 1327 ad
574 1271 760 1332 concordiam,

92 1362 201 1419 pacem,
222 1346 370 1402 modestiam
385 1347 488 1424 easdem
502 1347 650 1412 revocandi,
668 1345 762 1420 longis-

91 1420 154 1476 sime
167 1419 224 1476 lunt
240 1432 343 1478 remotae
351 1423 400 1479 istae
415 1424 522 1480 laciniae:
543 1421 716 1497 expungendas
726 1440 764 1476 er-

94 1496 151 1569 g0,'
162 1515 217 1570 quae
231 1515 283 1570 cup.
299 1515 337 1555 11.
354 1501 380 1555 dc
393 1517 434 1557 aa,
455 1501 516 1556 item
541 1517 593 1573 cap.
614 1515 655 1565 23.
672 1499 703 1553 ad
719 1507 759 1559 aa.

94 1572 128 1629 lic
143 1576 168 1631 dc
185 1591 240 1646 quae
257 1592 309 1647 cap.
326 1592 372 1645 40.
392 1575 423 1631 ad
441 1591 482 1645 45.
500 1577 525 1633 dc
544 1594 597 1650 cap.
618 1590 656 1643 55.
672 1574 765 1630 haben-

94 1659 143 1704 tur.
195 1694 199 1697 —
353 1684 355 1687 v
470 1667 471 1670 ’
602 1688 604 1693 -
668 1663 669 1666 ’

94 1743 97 1747 ’
168 1722 264 1782 Adista
277 1725 404 1799 sequentia
425 1727 460 1783 fas
482 1727 555 1783 fuerit
577 1725 720 1782 observare:
744 1740 764 1778 1.

95 1800 127 1858 ln
140 1817 248 1874 genere,
267 1801 285 1858 fi
305 1803 392 1858 codice
406 1802 518 1876 quodam
533 1801 709 1876 manuscripto·
720 1799 767 1855 bo-

96 1886 220 1948 naenotae
236 1889 277 1934 aut
294 1880 440 1935 testimoniis
458 1897 511 1935 non
533 1879 687 1953 aspernandis
705 1878 767 1935 anti-

98 1955 197 2027 quitatis
209 1953 343 2012 christianae
360 1958 479 2011 niteretur
492 1956 545 2012 haec
554 1954 631 2019 crisis,
651 1971 767 2008 momen-

97 2040 154 2085 turn
165 2027 272 2086 traheret
292 2074 299 2095 ,
328 2033 531 2089 &attentionem
555 2050 608 2087 non
627 2020 769 2104 pariundo-

98 2107 162 2162 riam
171 2104 303 2179 flagitaret:
330 2126 398 2165 nunc
412 2127 472 2165 uero
491 2111 564 2165 meris
579 2107 724 2164 coniecluris
744 2106 769 2160 dc

99 2184 233 2239 ratiociniis
247 2203 301 2240 non
320 2185 455 2242 necessario
473 2186 681 2243 concludentibus
703 2191 768 2245 tota,

101 2261 192 2332 quanta
204 2260 254 2325 est,
272 2260 417 2317 suffulcitur,
455 2277 479 2318 2.
498 2260 529 2319 lu
542 2260 664 2334 epistolari
676 2259 769 2314 sermo-

100 2335 139 2388 nis
153 2351 243 2406 genere
253 2338 315 2392 mira
333 2346 421 2411 regnat
435 2337 548 2402 libertae,
578 2354 625 2392 nec
641 2336 671 2392 ad
686 2334 770 2391 brillac

101 2409 215 2466 methodi
232 2411 362 2470 dialeilicae
376 2413 443 2487 leges
466 2414 513 2469 sele
533 2416 644 2470 revocari
656 2413 746 2486 patitur
763 2426 769 2468 ς

96 2483 190 2560 'passim
206 2485 348 2545 hocvide‘as
368 2489 394 2545 in
410 2491 515 2566 antiquis
534 2492 559 2547 dc
578 2492 666 2554 novio,
701 2486 771 2543 lacris

38 2585 40 2588 ’
101 2561 254 2637 &profanis
269 2566 451 2639 scriptoribus:
482 2586 530 2624 nec
557 2564 772 2697 Tvrrtaquqc
