1597 2948
77 85 131 145 276
161 92 304 150 Joruurs
324 92 489 133 anausoni
507 43 727 160 nissenrsiiro

635 11 672 42 aru

81 172 209 232 Magistratus
218 173 352 231 Bithynorum
360 188 396 232 per
408 172 514 217 biennium
524 154 746 229 officio-fungerentur.
754 202 773 220 ..

15 265 18 284 ι
76 232 140 280 shoc.
153 231 321 290 Bithyniaapud
343 229 436 289 Imperat,
455 229 586 276 crudiunt.
607 265 612 277 .
635 263 639 273 .
658 266 663 277 .
687 234 775 277 ulturum

3 314 5 316 ·
82 290 190 334 biremium.
225 290 261 339 Sic‘
273 279 412 345 posteasapud
427 287 517 332 Lassant.
532 289 558 332 de
572 297 633 332 mort.
651 287 774 333 Persecutor.

11 2153 23 2182 b

48 1593 51 1601 ,
95 1563 170 1594 maeve

85 344 101 402 s.
110 345 163 393 itti
177 344 262 403 legimus
274 346 300 391 de
314 344 409 400 Donate,
424 344 479 402 quod
488 359 524 402 per
536 345 659 391 decennium
672 345 694 391 in
708 351 781 392 carcess

85 419 107 451 re
117 404 233 464 permansit:
247 403 270 449 id
279 401 422 449 sartunrsuisse
431 402 468 449 sub
478 402 576 449 Praesedis
590 402 688 462 bithynia
698 438 704 458 ,
719 403 776 451 Flac-

37 511 38 514 ,
85 462 151 510 cillo,
168 462 197 506 ita
214 462 271 519 lego,
292 476 335 506 non
349 461 441 506 Flaccino
453 491 458 508 ‚
472 460 567 506 Hierocle
580 493 587 516 ,
599 463 626 506 1&
637 461 774 517 1Priscilliano,

86 518 170 564 biennio
179 518 215 563 sub
227 517 320 573 lingulis,
335 519 439 574 postquam
450 517 476 562 sc.
486 517 625 562 Diocletianus
633 520 657 563 ἃ
669 518 777 564 Maximia-

57 612 59 616 ,
86 582 125 620 nus
139 590 249 635 purpuram
258 573 397 633 deposuerant.
425 574 478 619 Nam
489 573 606 628 Praeseslus,
621 573 778 621 Decesl'orFlac·

43 654 45 659 ·
88 632 145 689 cilli,
164 647 208 677 non
222 633 350 686 nominatur,
374 631 409 677 sed
426 631 467 676 sme
480 633 564 676 nomine
583 632 675 677 innuitur
685 632 717 681 his
733 647 778 679 ver-

87 688 119 736 bis
138 724 206 736 ....
227 689 265 736 ubi
281 687 376 747 proserius
394 697 489 747 corrupte
507 688 598 745 legitur,
620 688 777 747 &legendum

87 745 194 805 Pressius.
235 747 338 793 Successor
356 746 471 792 Priscilliani
496 756 538 792 erat
556 746 666 793 Eratineus.
690 747 704 804 s.
726 747 776 794 XL.

88 804 169 864 Nempe
182 805 272 862 quinque,
285 805 341 850 suere
356 801 447 850 Praesides
462 802 561 864 Bithyniae
575 818 611 860 per
626 807 715 850 tretium*
726 815 782 853 tem-¹

89 863 147 920 poris,
155 861 270 908 decennalis
280 860 434 919 persecutionis,
443 874 536 918 ,quorum
548 860 624 919 primus
631 876 674 905 non
686 862 780 907 nomina-

89 926 138 975 tur,
150 919 196 977 quia
208 934 271 976 quum
283 916 325 963 illic
334 918 382 963 esset
390 919 518 975 imperator,
531 934 567 977 pet
577 917 695 965 Praefedum
706 920 779 966 Praeto-

42 988 43 991 ’
81 991 122 1026 ‚rio
136 976 170 1022 res*
179 974 304 1021 Nicomediae
319 976 377 1032 gestae
388 976 440 1021 sunt.

145 1034 185 1080 Sed
197 1034 242 1091 quia
255 1033 347 1091 pluribus
358 1034 415 1078 annis
426 1031 513 1078 Plinium
524 1032 648 1091 insBithynia
658 1034 719 1081 ,fuisse
732 1033 780 1078 asse-

91 1091 119 1138 rit
131 1090 255 1145 Halloiidus,
269 1091 331 1148 idque
346 1090 423 1149 colligit
436 1105 461 1136 ex
472 1089 570 1150 pluribus,
581 1091 680 1136 natalibus
697 1092 781 1147 Trajani

92 1146 179 1192 dPlinio
193 1149 215 1191 in
230 1149 334 1206 provincia
347 1148 463 1193 celebratis.
487 1163 574 1202 quorum
583 1149 660 1205 aliquos
676 1149 781 1202 nominat,

93 1204 151 1251 alios
161 1204 254 1259 omittit,
273 1219 298 1251 eu
307 1203 339 1249 his
353 1219 390 1261 ego
405 1204 473 1262 potius
484 1203 621 1261 colligendum
634 1207 717 1270 putavi,
736 1210 781 1251 non

93 1262 173 1321 plures,
189 1277 250 1320 quam
262 1263 314 1307 duos
329 1276 393 1307 annos
407 1263 429 1306 in
440 1261 534 1318 Bithynia
548 1262 672 1320 permansisse
686 1263 779 1309 Plinium.

80 1338 83 1345 ·
93 1320 147 1366 Nam
159 1321 212 1366 intra
226 1319 315 1379 quinque
325 1319 403 1366 menses
413 1327 453 1364 tres
466 1319 595 1365 solennitates
605 1320 712 1374 observatae
722 1320 780 1367 sunt:

94 1378 129 1432 ser
144 1388 222 1434 autem,
237 1376 401 1435 nequeplures,
415 1392 482 1435 neque
491 1378 608 1435 pauciores,
623 1376 634 1424 'a
648 1377 782 1435 Philonidi-

90 1436 196 1493 =gitantur,
221 1433 365 1490 &tTrajano
379 1443 435 1491 grato
453 1435 521 1480 animo
539 1434 678 1491 agnoscuntur.
706 1435 781 1482 Plinius

95 1502 164 1538 autem
171 1507 207 1592 per
219 1500 288 1537 totum
300 1490 347 1536 hoc
358 1491 463 1537 biennium
473 1492 503 1537 ad
513 1491 623 1547 Traianum
634 1492 725 1551 scripsit,
740 1493 783 1540 Ro-

188 1548 273 1604 initalia
285 1547 431 1592 confilientem.
489 1582 492 1587 ,
530 1579 532 1586 ,
671 1587 672 1590 ,
709 1556 711 1559 “

149 1605 202 1650 Nam
212 1620 274 1662 quum
283 1606 349 1662 primo
358 1606 445 1650 venitin
455 1605 579 1663 provinciam
590 1638 596 1659 ‚
609 1604 677 1650 scribit
688 1606 714 1651 de
726 1619 783 1650 nien-

95 1662 153 1719 suris
164 1660 250 1707 fideliter
266 1661 354 1718 agendis.
381 1661 486 1708 Rescribit‘
496 1661 609 1719 Trajanus,
630 1661 734 1722 Mensores
746 1666 783 1708 vix

96 1725 157 1765 etiam
167 1723 191 1765 iis
202 1719 299 1776 operitur,
322 1733 364 1775 quae
376 1729 412 1763 aret
425 1723 502 1775 Rotae,
521 1731 558 1765 aut
573 1724 596 1764 in
609 1724 701 1776 proximo
709 1722 782 1779 ficeret,

90 1776 213 1837 fiffeientes
224 1777 288 1821 habea.
303 1775 346 1821 Lib.
360 1775 386 1820 X.
409 1790 420 1820 e
436 1808 440 1817 -
456 1792 488 1833 29.
512 1777 586 1837 Rursus
599 1777 667 1821 scribit
681 1778 706 1822 de
717 1776 784 1836 hichi·

84 1839 85 1842 ’
97 1835 156 1880 tectis
173 1835 198 1878 ad
208 1834 333 1888 Traianum,
350 1834 384 1890 qui
393 1791 513 1892 respondet,
528 1838 592 1881 Marto
602 1851 627 1878 ur
638 1835 783 1892 existimarim..

98 1896 143 1936 viar
157 1887 190 1949 effe
201 1906 224 1934 ear
241 1891 364 1943 Urbemr'ttr‘,
375 1905 443 1992 parurn
457 1907 481 1935 aaa
492 1888 564 1936 Gracia
578 1894 639 1935 etiem
648 1895 675 1934 ors
685 1907 720 1935 arar
730 1897 784 1935 aeni.

98 1963 119 1993 re
128 1946 185 2006 soliti
192 1944 250 2002 fient.
268 1962 299 2005 ep.
315 1962 347 2002 49.
365 1950 366 1953 ’
393 1947 447 1992 ursus
460 1947 530 1993 Ediaa
540 1947 597 2006 plura
606 1947 685 1993 mittere
698 1949 724 1994 ad
736 1947 785 1995 Tra-

98 2006 169 2061 janum
188 2004 318 2052 Domitiani,
332 2003 458 2063 Vespasiani,
474 2005 588 2063 &Augusti
604 2005 706 2051 uoluerat:
728 2008 784 2063 quod

100 2072 168 2107 tanren
182 2061 263 2116 omisit,
285 2066 343 2121 quire,
357 2062 423 2119 inquit
440 2077 471 2120 ep.
488 2076 519 2118 71.
540 2079 587 2106 veru
605 2065 632 2118 ἓξ
646 2066 748 2108 emereatur
762 2069 785 2109 in

42 2127 43 2132 ’
82 2117 226 2179 ¹serirrr'r'rtais
247 2116 281 2177 effla
294 2120 399 2165 credebam.
436 2119 513 2164 Scrinia
529 2129 597 2165 autem
609 2120 654 2173 illa,
675 2119 726 2175 ubi,
748 2122 793 2178 nisr¹

101 2177 184 2236 Roma,
199 2176 275 2222 erant‘.l
305 2176 367 2233 Quod
381 2176 397 2236 fi
410 2177 454 2222 haec
466 2192 514 2224 uera
524 2177 577 2234 srnt,
593 2178 636 2235 quis
651 2192 694 2222 non
709 2179 784 2236 credit,

100 2235 210 2289 Traianum
226 2243 273 2278 ante
291 2234 393 2278 decimum
411 2244 504 2291 quartum
521 2235 553 2280 vel
573 2236 674 2278 decimum
693 2237 786 2292 quintum

100 2290 179 2350 imperii
187 2291 223 2336 sui
231 2304 306 2336 annum
313 2291 400 2341 Romam
411 2305 455 2336 non
465 2291 580 2348 reliquisse?

153 2347 210 2404 Quid
226 2348 286 2405 igitur
303 2347 431 2400 sentiendum
447 2349 474 2396 est
496 2350 521 2394 de
537 2364 607 2404 anno,
622 2363 665 2407 pao
685 2349 784 2406 Traianus

46 2431 48 2435 Α
101 2406 120 2452 S.
131 2406 233 2463 ignatium
243 2406 354 2451 Antiochia
365 2407 398 2451 ad
407 2406 478 2452 bestias
489 2407 646 2462 condemnavit,
667 2410 686 2453 dc
697 2409 785 2455 Romam

100 2464 153 2509 misrt
164 2463 190 2508 ad
203 2463 243 2509 hoc
259 2462 378 2521 supplicium
387 2463 529 2510 subeundum?
550 2465 589 2510 Res
603 2465 644 2522 ipsa
656 2474 710 2510 certe
724 2480 785 2523 expe.

41 2530 43 2532 ’
101 2521 189 2565 ditaest.
213 2515 271 2564 'Nam
279 2521 378 2574 Trajanus
394 2522 474 2577 imperii
486 2522 515 2565 sui
528 2535 582 2564 anno
599 2523 679 2564 decimo
697 2525 785 2577 ostavo,

54 2605 57 2612 .,
102 2576 212 2622 nenses
222 2577 304 2622 Pedone
316 2576 448 2632 Consulibus,
469 2577 602 2633 (Consulatus
617 2587 685 2623 autem
699 2579 786 2631 Pedonis

101 2635 127 2681 ad
138 2635 160 2681 tl.
171 2633 196 2680 D.
215 2649 256 2691 ης.
278 2633 338 2684 Urbis
350 2634 414 2690 868.)
435 2635 547 2683 Antiochiae
562 2633 693 2691 hibernavit,
708 2639 728 2682 se
744 2644 787 2683 erat

306 2739 309 2744 ,
619 2738 620 2741 ,
705 2707 761 2739 ener-
